@misc{minecraftCopies
	,author = {Jez Corden}
	,title = {Microsoft reveals Minecraft: Dungeons alongside 'Village and Pillage' update}
	,year = {2018}
	,url = {https://www.windowscentral.com/minecraft-dungeons}
	,urldate = {2019-01-23}
};

@misc{horrorSteamSpy,
	author = {SteamSpy}
	,title = {Tag: Horror}
	,year = {2019}
	,url = {https://steamspy.com/tag/horror}
	,urldate = {2019-01-21}
};

@misc{nevermind
	,author = {Homura-chan}
	,title = {Nevermind}
	,year = {2016}
	,url = {http://nevermind.wikia.com/wiki/Nevermind}
	,urldate = {2018-01-24}
};

@misc{bringtolight
	,author = {Brandi Vincent}
	,title = {This video game knows when you're scared — and it wants to use that against you}
	,year = {2018}
	,url = {https://www.nbcnews.com/tech/tech-news/video-game-knows-when-you-re-scared-it-wants-use-n903711}
	,urldate = {2018-01-24}
};

@misc{fingerprint
	,author = {Statista}
	,title = {Penetration of smartphones with fingerprint sensors worldwide from 2014 to 2018}
	,year = {2018}
	,url = {https://www.statista.com/statistics/522058/global-smartphone-fingerprint-penetration/}
	,urldate = {2018-01-24}
};

@misc{smartwatches
	,author = {Statista}
	,title = {Smartwatch unit sales worldwide from 2014 to 2018 (in millions)}
	,year = {2018}
	,url = {https://www.statista.com/statistics/538237/global-smartwatch-unit-sales/}
	,urldate = {2018-01-24}
};


@article{arousal
	,journal = {Anaesthesiology Intensive Therapy}
	,issn = {1642-5758}
	,volume = {47}
	,number = {2}
	,year = {2015}
	,title = {Neurophysiological foundations of sleep, arousal, awareness and consciousnessphenomena. Part 1}
	,author = {Waldemar Iwańczuk and  Piotr Guźniczak}
	,pages = {162-167}
	,doi = {10.5603/AIT.2015.0015}
	,url = {https://journals.viamedica.pl/anaesthesiology_intensivetherapy/article/view/AIT.2015.0015}
};

@book{eda
	,year = {2012}
	,title = {Electrodermal Activity}
	,author = {Wolfram Boucsein}
	,publisher = {Springer Science \& Business Media}
	,pages = {2-3}
	,url = {https://books.google.co.uk/books?id=6N6rnOEZEEoC}
};

@misc{polygraph
	,title = {L09 EDA \& Polygraph}
	,author = {{BIOPAC Systems UK}}
	,year = {2019}
	,urldate = {2019-01-24}
	,url = {https://www.biopac.com/curriculum/l09-eda-polygraph/}
};

@book{auditing,
	title = { Mind performance projects for the evil genius : 19 brain-bending bio hacks },
	author = { Graham, Brad and McGowan, Kathy },
	publisher = { New York : McGraw-Hill Professional ; London : McGraw-Hill [distributor] },
	year = { 2010 },
	pages = {32},
	type = { Book; Book/Illustrated },
	isbn = { 9780071623926 (pbk.) },
	language = { English },
};

@misc{edaAnalysis
	,title = {A Guide for Analysing Electrodermal Activity (EDA) \& Skin Conductance Responses (SCRs) for Psychological Experiments}
	,author = {Jason Braithwaite and Derrick Watson and Robert Jones and Mickey Rowe}
	,year = {2015}
	,url = {https://www.birmingham.ac.uk/Documents/college-les/psych/saal/guide-electrodermal-activity.pdf}
	,urldate = {2019-01-24}
};

@misc{forgeGit
	,title = {{MinecraftForge}}
	,author = {GitHub}
	,year = {2019}
	,url = {https://github.com/MinecraftForge/MinecraftForge}
	,urldate = {2019-01-24}
};

@misc{googleKotlin
	,title = {Google makes Kotlin a first-class language for writing Android apps}
	,author = {Frederic Lardinois}
	,publisher = {Techcrunch}
	,year = {2017}
	,url = {https://techcrunch.com/2017/05/17/google-makes-kotlin-a-first-class-language-for-writing-android-apps/}
	,urldate = {2019-01-24}
};

@misc{kotlinRelease
	,title = {Kotlin}
	,author = {Github}
	,year = {2019}
	,url = {https://github.com/JetBrains/kotlin}
	,urldate = {2019-01-24}
};

@misc{kotlinVsJava
	,title = {Why you should totally switch to Kotlin}
	,author = {Magnus Vinther}
	,publisher = {Medium}
	,year = {2017}
	,url = {https://medium.com/@magnus.chatt/why-you-should-totally-switch-to-kotlin-c7bbde9e10d5}
	,urldate = {2019-01-24}
};

@misc{groveGSR
	,title = {Grove - GSR Sensor}
	,author = {{Seeed Studio}}
	,url = {http://wiki.seeedstudio.com/Grove-GSR_Sensor/}
	,urldate = {2019-01-25}
	,year = {2018}
};

@Book{validity
	,title = { Experimental and quasi-experimental designs for research }
	,author = { Campbell, Donald T. (Donald Thomas) and Stanley, Julian C }
	,publisher = { Boston, U.S.A. : Houghton Mifflin Co }
	,year = { 1966 }
	,isbn = { 0395307872 (pbk.) }
	,language = { English }
	,note = { "Originally appeared in N.L. Gage (editor), Handbook of research on teaching." }
}

@Book{stratification
	,title = {Social Research Methods}
	,author = {Alan Bryman}
	,publisher = { Oxford : Oxford University Press }
	,year = 2016
	,isbn = {978-0-19-968945-3}
	,langauge = {English}
	,edition = {5th}
}