@article{arousingMusic,
	title={Intense emotional responses to music: a test of the physiological arousal hypothesis},
	year={2004},
	author={Nikki S. Rickard},
	url={http://journals.sagepub.com/doi/pdf/10.1177/0305735604046096},
	journal={Psychology of Music},
	volume={32},
	issue={4},
	pages={371-388},
	month={10},
	urldate={2018-04-30}
}

@article{musicDifferences,
	title={Individual Differences in the Enjoyment of Negative Emotion in Music: A Literature Review and Experiment},
	author={Sandra Garrido, Emery Schubert},
	url={http://mp.ucpress.edu/content/ucpmp/28/3/279.full.pdf},
	urldate={2018-04-30},
	year={2011},
	volume={28},
	issue={3},
	month={2},
	journal={Music Perception: An Interdisciplinary Journal},
	pages={279-296}
}

@article{pumpedUp,
	title={Effects of Music on Physiological Arousal: Explorations into Tempo and Genre},
	author={Francesca R. Dillman Carpentier, Robert F. Potter},
	url={http://citeseerx.ist.psu.edu/viewdoc/download?doi=10.1.1.854.1170&rep=rep1&type=pdf},
	urldate={2018-04-30},
	year={2007},
	month={12},
	pages={339-363},
	volume={10},
	issue={3},
	journal={Media Psychology}
}

@misc{GSR,
	title={What is GSR (galvanic skin response) and how does it work?},
	author={{\bibcorporate{IMOTIONS}}},
	url={https://imotions.com/blog/gsr/},
	urldate={2018-04-30},
	year={2015},
	month={5}
}

@misc{gsrSensor,
	title={Grove - GSR sensor},
	author={{\bibcorporate{seeed}}},
	url={https://www.seeedstudio.com/Grove-GSR-sensor-p-1614.html},
	urldate={2018-04-30}
}

@article{musicTherapy,
	title={The Effect of Music on Decreasing Arousal Due to Stress: A Meta-Analysis},
	author={Cori L. Pelletier},
	journal={Journal of Music Therapy},
	volume={41},
	issue={3},
	year={2004},
	month={10},
	pages={192-214}
}

@misc{audioFeatures,
	title={Get Audio Features for Several Tracks},
	author={{\bibcorporate{Spotify}}},
	url={https://beta.developer.spotify.com/documentation/web-api/reference/tracks/get-several-audio-features/},
	urldate={2018-05-02},
}