% example .bib file for use with projectpaper.tex

@book{horrorSteamSpy
  ,author = {\bibcorporate{SteamSpy}}
  ,title = {Tag: Horror}
  ,year = 2019
  ,url = {https://steamspy.com/tag/horror}
  ,urldate = {2019-01-21}
}
